<record><leader>00000cas a2200000 a 4500</leader><controlfield tag="001">45787807</controlfield><controlfield tag="007">hd afu---baca</controlfield><controlfield tag="008">010124d18721875msudn nea     0    0eng c</controlfield><datafield ind1=" " ind2=" " tag="010"><subfield code="a">  2001229004</subfield></datafield><datafield ind1=" " ind2=" " tag="040"><subfield code="a">FUG</subfield><subfield code="b">eng</subfield><subfield code="c">FUG</subfield><subfield code="d">OCLCQ</subfield><subfield code="d">OCLCF</subfield><subfield code="d">OCLCO</subfield></datafield><datafield ind1="1" ind2=" " tag="029"><subfield code="a">AU@</subfield><subfield code="b">000022256453</subfield></datafield><datafield ind1=" " ind2=" " tag="042"><subfield code="a">pcc</subfield></datafield><datafield ind1=" " ind2=" " tag="043"><subfield code="a">n-us-ms</subfield></datafield><datafield ind1="0" ind2=" " tag="130"><subfield code="a">Natchez daily Democrat and courier (Natchez, Miss. : 1872)</subfield></datafield><datafield ind1="1" ind2="4" tag="245"><subfield code="a">The Natchez daily Democrat and courier</subfield><subfield code="h">[microform].</subfield></datafield><datafield ind1="3" ind2="0" tag="246"><subfield code="a">Natchez daily democrat</subfield></datafield><datafield ind1="1" ind2=" " tag="246"><subfield code="i">Microfilm box has title:</subfield><subfield code="a">Natchez democrat</subfield></datafield><datafield ind1=" " ind2=" " tag="260"><subfield code="a">Natchez, Miss. :</subfield><subfield code="b">Botto &amp; Lambert,</subfield><subfield code="c">-1875.</subfield></datafield><datafield ind1=" " ind2=" " tag="300"><subfield code="a">3 v. :</subfield><subfield code="b">ill. (chiefly advertisements) ;</subfield><subfield code="c">56 cm.</subfield></datafield><datafield ind1=" " ind2=" " tag="310"><subfield code="a">Daily (except Mon.)</subfield></datafield><datafield ind1="0" ind2=" " tag="362"><subfield code="a">-n.s., v. 3, no. 185 (July 7, 1875).</subfield></datafield><datafield ind1="1" ind2=" " tag="362"><subfield code="a">Began in 1872?</subfield><subfield code="z">Cf. Gregory, W. Amer. newspapers, 1937.</subfield></datafield><datafield ind1=" " ind2=" " tag="500"><subfield code="a">"Democratic." Cf. Rowell, 1872.</subfield></datafield><datafield ind1=" " ind2=" " tag="530"><subfield code="a">Also issued in the original paper ed.</subfield></datafield><datafield ind1=" " ind2=" " tag="588"><subfield code="a">Description based on: New ser., v. 1, no. 47 (Jan. 26, 1873).</subfield></datafield><datafield ind1=" " ind2=" " tag="533"><subfield code="a">Microfilm.</subfield><subfield code="b">Washington :</subfield><subfield code="c">Library of Congress, Photoduplication Services.</subfield><subfield code="e">microfilm reels ; 35 mm.</subfield></datafield><datafield ind1=" " ind2="0" tag="651"><subfield code="a">Natchez (Miss.)</subfield><subfield code="v">Newspapers.</subfield></datafield><datafield ind1=" " ind2="0" tag="651"><subfield code="a">Adams County (Miss.)</subfield><subfield code="v">Newspapers.</subfield></datafield><datafield ind1=" " ind2="7" tag="655"><subfield code="a">Newspapers.</subfield><subfield code="2">fast</subfield><subfield code="0">(OCoLC)fst01423814</subfield></datafield><datafield ind1=" " ind2="7" tag="651"><subfield code="a">Mississippi</subfield><subfield code="z">Adams County.</subfield><subfield code="2">fast</subfield><subfield code="0">(OCoLC)fst01214708</subfield></datafield><datafield ind1=" " ind2="7" tag="651"><subfield code="a">Mississippi</subfield><subfield code="z">Natchez.</subfield><subfield code="2">fast</subfield><subfield code="0">(OCoLC)fst01204961</subfield></datafield><datafield ind1=" " ind2=" " tag="752"><subfield code="a">United States</subfield><subfield code="b">Mississippi</subfield><subfield code="c">Adams</subfield><subfield code="d">Natchez.</subfield></datafield><datafield ind1="1" ind2=" " tag="776"><subfield code="c">Original</subfield><subfield code="w">(DLC)sn 83016877</subfield><subfield code="w">(OCoLC)10197371</subfield></datafield><datafield ind1="0" ind2="4" tag="780"><subfield code="t">Natchez Democrat (Natchez, Miss. : 1865)</subfield></datafield><datafield ind1="0" ind2="4" tag="780"><subfield code="t">Natchez daily courier (Natchez, Miss. : 1865)</subfield></datafield><datafield ind1="0" ind2="0" tag="785"><subfield code="t">Natchez daily Democrat</subfield><subfield code="w">(DLC)  2001229006</subfield><subfield code="w">(OCoLC)45792641</subfield></datafield><datafield ind1=" " ind2=" " tag="850"><subfield code="a">FU</subfield></datafield></record>